<record><leader>00000cas a22000007a 4500</leader><controlfield tag="001">9816811</controlfield><controlfield tag="008">830817d18131826ncuwr ne      0    0eng d</controlfield><datafield ind1=" " ind2=" " tag="010"><subfield code="a">sn 83025810 </subfield></datafield><datafield ind1=" " ind2=" " tag="040"><subfield code="a">NPV</subfield><subfield code="b">eng</subfield><subfield code="c">NPV</subfield><subfield code="d">DLC</subfield><subfield code="d">NPX</subfield><subfield code="d">ANU</subfield><subfield code="d">FUG</subfield><subfield code="d">NVK</subfield><subfield code="d">OCL</subfield><subfield code="d">OCLCG</subfield><subfield code="d">OCLCQ</subfield><subfield code="d">OCLCA</subfield><subfield code="d">OCLCF</subfield><subfield code="d">OCLCO</subfield><subfield code="d">CUS</subfield></datafield><datafield ind1=" " ind2=" " tag="042"><subfield code="a">msc</subfield></datafield><datafield ind1=" " ind2=" " tag="043"><subfield code="a">n-us-nc</subfield></datafield><datafield ind1=" " ind2=" " tag="045"><subfield code="a">w1w2</subfield></datafield><datafield ind1=" " ind2=" " tag="052"><subfield code="a">3903</subfield><subfield code="b">C46</subfield></datafield><datafield ind1="0" ind2="4" tag="245"><subfield code="a">The Edenton gazette, and North-Carolina general advertiser.</subfield></datafield><datafield ind1=" " ind2=" " tag="260"><subfield code="a">Edenton, N.C. :</subfield><subfield code="b">Printed by James Wills</subfield></datafield><datafield ind1=" " ind2=" " tag="300"><subfield code="a">volumes</subfield></datafield><datafield ind1=" " ind2=" " tag="310"><subfield code="a">Weekly</subfield></datafield><datafield ind1=" " ind2=" " tag="336"><subfield code="a">text</subfield><subfield code="b">txt</subfield><subfield code="2">rdacontent</subfield></datafield><datafield ind1=" " ind2=" " tag="337"><subfield code="a">unmediated</subfield><subfield code="b">n</subfield><subfield code="2">rdamedia</subfield></datafield><datafield ind1=" " ind2=" " tag="338"><subfield code="a">volume</subfield><subfield code="b">nc</subfield><subfield code="2">rdacarrier</subfield></datafield><datafield ind1="1" ind2=" " tag="362"><subfield code="a">Began in Oct. 1813; ceased in 1826?</subfield></datafield><datafield ind1=" " ind2=" " tag="500"><subfield code="a">Published as: Edenton gazette, and North Carolina general advertiser, &lt;1818-1819&gt;.</subfield></datafield><datafield ind1="4" ind2=" " tag="510"><subfield code="a">Brigham, C.S. Amer. newspapers,</subfield><subfield code="c">p. 758</subfield></datafield><datafield ind1=" " ind2=" " tag="530"><subfield code="a">Available on microfilm from North Carolina Dept. of Archives &amp; History.</subfield></datafield><datafield ind1=" " ind2=" " tag="588"><subfield code="a">Description based on: Vol. 8, no. 429 (July 11, 1814).</subfield></datafield><datafield ind1=" " ind2="0" tag="651"><subfield code="a">Edenton (N.C.)</subfield><subfield code="v">Newspapers.</subfield></datafield><datafield ind1=" " ind2="0" tag="651"><subfield code="a">Chowan County (N.C.)</subfield><subfield code="v">Newspapers.</subfield></datafield><datafield ind1=" " ind2="7" tag="651"><subfield code="a">North Carolina</subfield><subfield code="z">Chowan County.</subfield><subfield code="2">fast</subfield><subfield code="0">(OCoLC)fst01218237</subfield></datafield><datafield ind1=" " ind2="7" tag="651"><subfield code="a">North Carolina</subfield><subfield code="z">Edenton.</subfield><subfield code="2">fast</subfield><subfield code="0">(OCoLC)fst01220051</subfield></datafield><datafield ind1=" " ind2="7" tag="655"><subfield code="a">Newspapers.</subfield><subfield code="2">fast</subfield><subfield code="0">(OCoLC)fst01423814</subfield></datafield><datafield ind1="1" ind2=" " tag="700"><subfield code="a">Wills, James,</subfield><subfield code="d">-1826.</subfield></datafield><datafield ind1=" " ind2=" " tag="752"><subfield code="a">United States</subfield><subfield code="b">North Carolina</subfield><subfield code="c">Chowan</subfield><subfield code="d">Edenton.</subfield></datafield><datafield ind1="0" ind2="0" tag="780"><subfield code="t">Edenton gazette (Edenton, N.C. : 1809)</subfield><subfield code="w">(DLC)sn 85026853</subfield><subfield code="w">(OCoLC)11987049</subfield></datafield><datafield ind1="0" ind2="0" tag="785"><subfield code="t">Edenton gazette (Edenton, N.C. : 1826)</subfield><subfield code="w">(DLC)sn 84020736</subfield><subfield code="w">(OCoLC)11474825</subfield></datafield><datafield ind1="1" ind2=" " tag="029"><subfield code="a">AU@</subfield><subfield code="b">000020125204</subfield></datafield></record>